1341 506
588 23 868 47 <T>he god cupide and venus the goddes
634 45 894 60 whyche power hau on all worldly gladnes
640 61 892 72 we hertly gretyng sende of oure humbles
584 78 681 96 To louers alle
584 93 858 106 Doyng yow wite the duk that folkis calle
588 103 852 120 Of Orlyaunce we him amytte and shall
585 123 874 136 [?] [?] servaunt which hath but yeris small
585 133 725 157 Of yowthe yit spent
586 146 858 167 And we haue him assignyd on oure rent
577 165 823 186 The fayrist pensonn aftir his entent
591 182 823 197 Forto enyoy bi oure lettir patent
586 197 715 215 While he good lust
585 215 853 226 hopyng forto fynde him trewe and iust
585 226 858 242 As in oure part that we no thing dislust
586 240 828 258 him to avaunce lo this we trust
588 259 730 274 In yowre entent
576 274 868 291 Wherfore we gyve strayt comaundement
585 286 869 305 To alle whiche ben as of oure parlement
583 297 885 319 then forto helpe and ayde in eche turnement
585 317 711 337 In all they may
584 336 869 355 W[i]thout disdayne or any frawdyng way
578 347 822 366 As ye ben glad oure plesure to obay
580 362 828 381 In forfetyng now herlyn what y say
583 381 725 398 Bothe good and bad
579 398 794 413 him to sus[?] [is?] his [necessite?]
585 413 791 428 Agayn daunger and his affynyte
585 426 811 448 Cursid daunger and wickid jelowse
580 445 699 459 And fals dissayt
579 457 859 477 for thorugh envyous sleightis they awayt
580 470 824 498 [?]i trewe folk to hurt and to affayt
