1341 506
448 34 731 58 Of which that he is on in my consayt
453 51 592 71 Syn he is swore
455 71 735 93 As me to serue eche othir wight tofore
455 86 731 104 not only now but his lyue euyrmore
443 104 749 124 To payne him silf for any greef or sore
452 120 571 143 In his servage
451 139 733 162 For sewrte more he leuys in morgage
455 154 718 174 his hert wtout disdayne of corage
456 175 738 196 Not to refuse in then beyng it bondage
447 192 594 216 The more biholde
455 212 758 232 As we to hem god wot a thousand fold
457 231 775 250 Wherfore he shall not say he hath myssold
453 249 780 268 As his good will ar[s?]t forbede þat he shuld
453 268 623 285 hit were fowl doone
452 282 684 298 But for ensample most abone
452 301 733 320 To cause yong folk to loue more sone
447 318 728 338 That causith as this him gardone
455 337 599 356 Under oure seele
447 353 709 373 Wherfore as loo bileue yow wele
452 373 681 390 Oure feodaries or counselle
450 390 706 411 We this haue doon not to repele
456 408 573 428 In no manere
454 426 808 444 Gyve on the day of seynt Valentyne þe martere
454 443 732 463 As in the castell of humbill desere
454 461 803 486 As for the tyme oure counsell holdyng here
