1341 506
461 15 750 35 <W>hen in myn hand was tan me þis patent
463 34 748 54 I seide my lord o verry god puysshaunt
475 50 725 63 Of pryncis prince o prince most excellent
415 67 686 85 For all the world is to yow obeyshaunt
415 83 673 93 I poore wretche bicomen yowre servaunt
414 95 630 114 Ay witt so dulle and y untaught
411 112 679 128 That y kan not thanke yow as y aught
434 130 693 144 Or to my witt my tunge kan not suffise
409 144 685 160 Twene ioy and woo my gost supposid is
411 159 670 177 As this to thynke and this oft to avis
413 170 694 194 My witt as now so renneth this and this
417 189 681 205 But as humbly y thanke yow lo y wis
415 202 673 217 As kan be thought in any maner hert
417 215 675 232 Or more if more that reson kan aduert
436 230 710 248 <O>f that as loo hit liketh yowre good grace
413 249 670 264 me to reward more then y am worth
414 264 702 279 For which that y while y haue lyvis space
417 275 669 294 [the?] sely will shall shewe to do trewly
415 293 656 315 yowre plesere sely will nay verily
414 310 651 328 ay grettist will shall be forto deserue
409 324 696 342 What ye haue doon not now but to y sterve
436 344 672 358 [eserue?] fy my speche hit squarith oft
413 354 688 375 For though y wolde allas hit may not be
414 369 661 389 Doth to take for hit suffisith nought
414 385 640 404 For of the deth ye haue revid me
407 400 673 421 That in me now as wys ther [?] parde
407 414 664 438 This may y not deseue in myn entent
411 433 673 453 But even the self[?] his ye haue me len
437 447 682 467 <T>hat ye have doon but ih[?] wis me so
411 462 684 487 That what y do mat be to yowre plesere
